<?xml version="1.0" encoding="UTF-8"?><record xmlns="http://www.loc.gov/MARC21/slim" xmlns:cinclude="http://apache.org/cocoon/include/1.0" xmlns:zs="http://www.loc.gov/zing/srw/">
  <leader>00446cz  a2200145n  4500</leader>
  <controlfield tag="001">n  95027155 </controlfield>
  <controlfield tag="003">DLC</controlfield>
  <controlfield tag="005">20130312092032.0</controlfield>
  <controlfield tag="008">950321n| azannaab           |a aaa      </controlfield>
  <datafield tag="010" ind1=" " ind2=" ">
    <subfield code="a">n  95027155 </subfield>
  </datafield>
  <datafield tag="040" ind1=" " ind2=" ">
    <subfield code="a">DLC</subfield>
    <subfield code="b">eng</subfield>
    <subfield code="e">rda</subfield>
    <subfield code="c">DLC</subfield>
    <subfield code="d">DLC</subfield>
  </datafield>
  <datafield tag="046" ind1=" " ind2=" ">
    <subfield code="f">19520919</subfield>
  </datafield>
  <datafield tag="100" ind1="1" ind2=" ">
    <subfield code="a">Goodman, John,</subfield>
    <subfield code="d">1952 September 19-</subfield>
  </datafield>
  <datafield tag="400" ind1="1" ind2=" ">
    <subfield code="w">nnea</subfield>
    <subfield code="a">Goodman, John,</subfield>
    <subfield code="d">1952 Sept. 19-</subfield>
  </datafield>
  <datafield tag="670" ind1=" " ind2=" ">
    <subfield code="a">Diderot on art, 1995:</subfield>
    <subfield code="b">CIP t.p. (John Goodman) data sheet (John Goodman; 09-19-52)</subfield>
  </datafield>
</record>